%YAML 1.1
%TAG !u! tag:unity3d.com,2011:
--- !u!1 &8057121646104993863
GameObject:
  m_ObjectHideFlags: 0
  m_CorrespondingSourceObject: {fileID: 0}
  m_PrefabInstance: {fileID: 0}
  m_PrefabAsset: {fileID: 0}
  serializedVersion: 6
  m_Component:
  - component: {fileID: 8057121646104993860}
  m_Layer: 0
  m_Name: Transform Compass
  m_TagString: Untagged
  m_Icon: {fileID: 0}
  m_NavMeshLayer: 0
  m_StaticEditorFlags: 0
  m_IsActive: 1
--- !u!4 &8057121646104993860
Transform:
  m_ObjectHideFlags: 0
  m_CorrespondingSourceObject: {fileID: 0}
  m_PrefabInstance: {fileID: 0}
  m_PrefabAsset: {fileID: 0}
  m_GameObject: {fileID: 8057121646104993863}
  m_LocalRotation: {x: 0, y: 0, z: 0, w: 1}
  m_LocalPosition: {x: 0, y: 0, z: 0}
  m_LocalScale: {x: 1, y: 1, z: 1}
  m_Children:
  - {fileID: 9107214762852965608}
  - {fileID: 6980313007196788227}
  - {fileID: 9107214763795064212}
  - {fileID: 9107214764142862668}
  - {fileID: 2292344469595621147}
  - {fileID: 2292344468928119317}
  - {fileID: 2292344469446443850}
  m_Father: {fileID: 0}
  m_RootOrder: 0
  m_LocalEulerAnglesHint: {x: 0, y: 0, z: 0}
--- !u!1001 &93609381
PrefabInstance:
  m_ObjectHideFlags: 0
  serializedVersion: 2
  m_Modification:
    m_TransformParent: {fileID: 8057121646104993860}
    m_Modifications:
    - target: {fileID: 384459353251801125, guid: 63ed28d3bfbb8a24fa522cdcd945a6e5,
        type: 3}
      propertyPath: m_Materials.Array.data[0]
      value: 
      objectReference: {fileID: 2100000, guid: 34c807a89f9b8514ea6aecda32319c7a, type: 2}
    - target: {fileID: 2292344469518834366, guid: 63ed28d3bfbb8a24fa522cdcd945a6e5,
        type: 3}
      propertyPath: m_RootOrder
      value: 4
      objectReference: {fileID: 0}
    - target: {fileID: 2292344469518834366, guid: 63ed28d3bfbb8a24fa522cdcd945a6e5,
        type: 3}
      propertyPath: m_LocalScale.x
      value: 0.25
      objectReference: {fileID: 0}
    - target: {fileID: 2292344469518834366, guid: 63ed28d3bfbb8a24fa522cdcd945a6e5,
        type: 3}
      propertyPath: m_LocalScale.y
      value: 0.25
      objectReference: {fileID: 0}
    - target: {fileID: 2292344469518834366, guid: 63ed28d3bfbb8a24fa522cdcd945a6e5,
        type: 3}
      propertyPath: m_LocalScale.z
      value: 0.25
      objectReference: {fileID: 0}
    - target: {fileID: 2292344469518834366, guid: 63ed28d3bfbb8a24fa522cdcd945a6e5,
        type: 3}
      propertyPath: m_LocalPosition.x
      value: 0.75
      objectReference: {fileID: 0}
    - target: {fileID: 2292344469518834366, guid: 63ed28d3bfbb8a24fa522cdcd945a6e5,
        type: 3}
      propertyPath: m_LocalPosition.y
      value: 0
      objectReference: {fileID: 0}
    - target: {fileID: 2292344469518834366, guid: 63ed28d3bfbb8a24fa522cdcd945a6e5,
        type: 3}
      propertyPath: m_LocalPosition.z
      value: 0
      objectReference: {fileID: 0}
    - target: {fileID: 2292344469518834366, guid: 63ed28d3bfbb8a24fa522cdcd945a6e5,
        type: 3}
      propertyPath: m_LocalRotation.w
      value: 0.7071068
      objectReference: {fileID: 0}
    - target: {fileID: 2292344469518834366, guid: 63ed28d3bfbb8a24fa522cdcd945a6e5,
        type: 3}
      propertyPath: m_LocalRotation.x
      value: -0
      objectReference: {fileID: 0}
    - target: {fileID: 2292344469518834366, guid: 63ed28d3bfbb8a24fa522cdcd945a6e5,
        type: 3}
      propertyPath: m_LocalRotation.y
      value: -0
      objectReference: {fileID: 0}
    - target: {fileID: 2292344469518834366, guid: 63ed28d3bfbb8a24fa522cdcd945a6e5,
        type: 3}
      propertyPath: m_LocalRotation.z
      value: -0.7071068
      objectReference: {fileID: 0}
    - target: {fileID: 2292344469518834366, guid: 63ed28d3bfbb8a24fa522cdcd945a6e5,
        type: 3}
      propertyPath: m_LocalEulerAnglesHint.x
      value: 0
      objectReference: {fileID: 0}
    - target: {fileID: 2292344469518834366, guid: 63ed28d3bfbb8a24fa522cdcd945a6e5,
        type: 3}
      propertyPath: m_LocalEulerAnglesHint.y
      value: 0
      objectReference: {fileID: 0}
    - target: {fileID: 2292344469518834366, guid: 63ed28d3bfbb8a24fa522cdcd945a6e5,
        type: 3}
      propertyPath: m_LocalEulerAnglesHint.z
      value: 0
      objectReference: {fileID: 0}
    - target: {fileID: 3447253954199233102, guid: 63ed28d3bfbb8a24fa522cdcd945a6e5,
        type: 3}
      propertyPath: m_Name
      value: X Cone
      objectReference: {fileID: 0}
    - target: {fileID: 3447253954199233102, guid: 63ed28d3bfbb8a24fa522cdcd945a6e5,
        type: 3}
      propertyPath: m_IsActive
      value: 1
      objectReference: {fileID: 0}
    m_RemovedComponents: []
  m_SourcePrefab: {fileID: 100100000, guid: 63ed28d3bfbb8a24fa522cdcd945a6e5, type: 3}
--- !u!4 &2292344469595621147 stripped
Transform:
  m_CorrespondingSourceObject: {fileID: 2292344469518834366, guid: 63ed28d3bfbb8a24fa522cdcd945a6e5,
    type: 3}
  m_PrefabInstance: {fileID: 93609381}
  m_PrefabAsset: {fileID: 0}
--- !u!1001 &481270260
PrefabInstance:
  m_ObjectHideFlags: 0
  serializedVersion: 2
  m_Modification:
    m_TransformParent: {fileID: 8057121646104993860}
    m_Modifications:
    - target: {fileID: 384459353251801125, guid: 63ed28d3bfbb8a24fa522cdcd945a6e5,
        type: 3}
      propertyPath: m_Materials.Array.data[0]
      value: 
      objectReference: {fileID: 2100000, guid: 1a1b5bc4dd452c247ac2dd70d098e480, type: 2}
    - target: {fileID: 2292344469518834366, guid: 63ed28d3bfbb8a24fa522cdcd945a6e5,
        type: 3}
      propertyPath: m_RootOrder
      value: 6
      objectReference: {fileID: 0}
    - target: {fileID: 2292344469518834366, guid: 63ed28d3bfbb8a24fa522cdcd945a6e5,
        type: 3}
      propertyPath: m_LocalScale.x
      value: 0.25
      objectReference: {fileID: 0}
    - target: {fileID: 2292344469518834366, guid: 63ed28d3bfbb8a24fa522cdcd945a6e5,
        type: 3}
      propertyPath: m_LocalScale.y
      value: 0.25
      objectReference: {fileID: 0}
    - target: {fileID: 2292344469518834366, guid: 63ed28d3bfbb8a24fa522cdcd945a6e5,
        type: 3}
      propertyPath: m_LocalScale.z
      value: 0.25
      objectReference: {fileID: 0}
    - target: {fileID: 2292344469518834366, guid: 63ed28d3bfbb8a24fa522cdcd945a6e5,
        type: 3}
      propertyPath: m_LocalPosition.x
      value: 0
      objectReference: {fileID: 0}
    - target: {fileID: 2292344469518834366, guid: 63ed28d3bfbb8a24fa522cdcd945a6e5,
        type: 3}
      propertyPath: m_LocalPosition.y
      value: 0
      objectReference: {fileID: 0}
    - target: {fileID: 2292344469518834366, guid: 63ed28d3bfbb8a24fa522cdcd945a6e5,
        type: 3}
      propertyPath: m_LocalPosition.z
      value: 0.75
      objectReference: {fileID: 0}
    - target: {fileID: 2292344469518834366, guid: 63ed28d3bfbb8a24fa522cdcd945a6e5,
        type: 3}
      propertyPath: m_LocalRotation.w
      value: 0.7071068
      objectReference: {fileID: 0}
    - target: {fileID: 2292344469518834366, guid: 63ed28d3bfbb8a24fa522cdcd945a6e5,
        type: 3}
      propertyPath: m_LocalRotation.x
      value: 0.7071068
      objectReference: {fileID: 0}
    - target: {fileID: 2292344469518834366, guid: 63ed28d3bfbb8a24fa522cdcd945a6e5,
        type: 3}
      propertyPath: m_LocalRotation.y
      value: 0
      objectReference: {fileID: 0}
    - target: {fileID: 2292344469518834366, guid: 63ed28d3bfbb8a24fa522cdcd945a6e5,
        type: 3}
      propertyPath: m_LocalRotation.z
      value: 0
      objectReference: {fileID: 0}
    - target: {fileID: 2292344469518834366, guid: 63ed28d3bfbb8a24fa522cdcd945a6e5,
        type: 3}
      propertyPath: m_LocalEulerAnglesHint.x
      value: 90
      objectReference: {fileID: 0}
    - target: {fileID: 2292344469518834366, guid: 63ed28d3bfbb8a24fa522cdcd945a6e5,
        type: 3}
      propertyPath: m_LocalEulerAnglesHint.y
      value: 0
      objectReference: {fileID: 0}
    - target: {fileID: 2292344469518834366, guid: 63ed28d3bfbb8a24fa522cdcd945a6e5,
        type: 3}
      propertyPath: m_LocalEulerAnglesHint.z
      value: 0
      objectReference: {fileID: 0}
    - target: {fileID: 3447253954199233102, guid: 63ed28d3bfbb8a24fa522cdcd945a6e5,
        type: 3}
      propertyPath: m_Name
      value: Z Cone
      objectReference: {fileID: 0}
    m_RemovedComponents: []
  m_SourcePrefab: {fileID: 100100000, guid: 63ed28d3bfbb8a24fa522cdcd945a6e5, type: 3}
--- !u!4 &2292344469446443850 stripped
Transform:
  m_CorrespondingSourceObject: {fileID: 2292344469518834366, guid: 63ed28d3bfbb8a24fa522cdcd945a6e5,
    type: 3}
  m_PrefabInstance: {fileID: 481270260}
  m_PrefabAsset: {fileID: 0}
--- !u!1001 &2110429355
PrefabInstance:
  m_ObjectHideFlags: 0
  serializedVersion: 2
  m_Modification:
    m_TransformParent: {fileID: 8057121646104993860}
    m_Modifications:
    - target: {fileID: 384459353251801125, guid: 63ed28d3bfbb8a24fa522cdcd945a6e5,
        type: 3}
      propertyPath: m_Materials.Array.data[0]
      value: 
      objectReference: {fileID: 2100000, guid: d625cee998407344eb61633dc6dcbbfc, type: 2}
    - target: {fileID: 2292344469518834366, guid: 63ed28d3bfbb8a24fa522cdcd945a6e5,
        type: 3}
      propertyPath: m_RootOrder
      value: 5
      objectReference: {fileID: 0}
    - target: {fileID: 2292344469518834366, guid: 63ed28d3bfbb8a24fa522cdcd945a6e5,
        type: 3}
      propertyPath: m_LocalScale.x
      value: 0.25
      objectReference: {fileID: 0}
    - target: {fileID: 2292344469518834366, guid: 63ed28d3bfbb8a24fa522cdcd945a6e5,
        type: 3}
      propertyPath: m_LocalScale.y
      value: 0.25
      objectReference: {fileID: 0}
    - target: {fileID: 2292344469518834366, guid: 63ed28d3bfbb8a24fa522cdcd945a6e5,
        type: 3}
      propertyPath: m_LocalScale.z
      value: 0.25
      objectReference: {fileID: 0}
    - target: {fileID: 2292344469518834366, guid: 63ed28d3bfbb8a24fa522cdcd945a6e5,
        type: 3}
      propertyPath: m_LocalPosition.x
      value: 0
      objectReference: {fileID: 0}
    - target: {fileID: 2292344469518834366, guid: 63ed28d3bfbb8a24fa522cdcd945a6e5,
        type: 3}
      propertyPath: m_LocalPosition.y
      value: 0.75
      objectReference: {fileID: 0}
    - target: {fileID: 2292344469518834366, guid: 63ed28d3bfbb8a24fa522cdcd945a6e5,
        type: 3}
      propertyPath: m_LocalPosition.z
      value: 0
      objectReference: {fileID: 0}
    - target: {fileID: 2292344469518834366, guid: 63ed28d3bfbb8a24fa522cdcd945a6e5,
        type: 3}
      propertyPath: m_LocalRotation.w
      value: 1
      objectReference: {fileID: 0}
    - target: {fileID: 2292344469518834366, guid: 63ed28d3bfbb8a24fa522cdcd945a6e5,
        type: 3}
      propertyPath: m_LocalRotation.x
      value: 0
      objectReference: {fileID: 0}
    - target: {fileID: 2292344469518834366, guid: 63ed28d3bfbb8a24fa522cdcd945a6e5,
        type: 3}
      propertyPath: m_LocalRotation.y
      value: 0
      objectReference: {fileID: 0}
    - target: {fileID: 2292344469518834366, guid: 63ed28d3bfbb8a24fa522cdcd945a6e5,
        type: 3}
      propertyPath: m_LocalRotation.z
      value: 0
      objectReference: {fileID: 0}
    - target: {fileID: 2292344469518834366, guid: 63ed28d3bfbb8a24fa522cdcd945a6e5,
        type: 3}
      propertyPath: m_LocalEulerAnglesHint.x
      value: 0
      objectReference: {fileID: 0}
    - target: {fileID: 2292344469518834366, guid: 63ed28d3bfbb8a24fa522cdcd945a6e5,
        type: 3}
      propertyPath: m_LocalEulerAnglesHint.y
      value: 0
      objectReference: {fileID: 0}
    - target: {fileID: 2292344469518834366, guid: 63ed28d3bfbb8a24fa522cdcd945a6e5,
        type: 3}
      propertyPath: m_LocalEulerAnglesHint.z
      value: 0
      objectReference: {fileID: 0}
    - target: {fileID: 3447253954199233102, guid: 63ed28d3bfbb8a24fa522cdcd945a6e5,
        type: 3}
      propertyPath: m_Name
      value: Y Cone
      objectReference: {fileID: 0}
    m_RemovedComponents: []
  m_SourcePrefab: {fileID: 100100000, guid: 63ed28d3bfbb8a24fa522cdcd945a6e5, type: 3}
--- !u!4 &2292344468928119317 stripped
Transform:
  m_CorrespondingSourceObject: {fileID: 2292344469518834366, guid: 63ed28d3bfbb8a24fa522cdcd945a6e5,
    type: 3}
  m_PrefabInstance: {fileID: 2110429355}
  m_PrefabAsset: {fileID: 0}
--- !u!1001 &8057121644995363129
PrefabInstance:
  m_ObjectHideFlags: 0
  serializedVersion: 2
  m_Modification:
    m_TransformParent: {fileID: 8057121646104993860}
    m_Modifications:
    - target: {fileID: 807871087296370230, guid: 063f49edeb512454aac3acae88cdf05c,
        type: 3}
      propertyPath: m_Materials.Array.data[0]
      value: 
      objectReference: {fileID: 2100000, guid: d625cee998407344eb61633dc6dcbbfc, type: 2}
    - target: {fileID: 1275634568979670189, guid: 063f49edeb512454aac3acae88cdf05c,
        type: 3}
      propertyPath: m_RootOrder
      value: 2
      objectReference: {fileID: 0}
    - target: {fileID: 1275634568979670189, guid: 063f49edeb512454aac3acae88cdf05c,
        type: 3}
      propertyPath: m_LocalScale.x
      value: 0.125
      objectReference: {fileID: 0}
    - target: {fileID: 1275634568979670189, guid: 063f49edeb512454aac3acae88cdf05c,
        type: 3}
      propertyPath: m_LocalScale.y
      value: 0.333
      objectReference: {fileID: 0}
    - target: {fileID: 1275634568979670189, guid: 063f49edeb512454aac3acae88cdf05c,
        type: 3}
      propertyPath: m_LocalScale.z
      value: 0.125
      objectReference: {fileID: 0}
    - target: {fileID: 1275634568979670189, guid: 063f49edeb512454aac3acae88cdf05c,
        type: 3}
      propertyPath: m_LocalPosition.x
      value: 0
      objectReference: {fileID: 0}
    - target: {fileID: 1275634568979670189, guid: 063f49edeb512454aac3acae88cdf05c,
        type: 3}
      propertyPath: m_LocalPosition.y
      value: 0.4375
      objectReference: {fileID: 0}
    - target: {fileID: 1275634568979670189, guid: 063f49edeb512454aac3acae88cdf05c,
        type: 3}
      propertyPath: m_LocalPosition.z
      value: 0
      objectReference: {fileID: 0}
    - target: {fileID: 1275634568979670189, guid: 063f49edeb512454aac3acae88cdf05c,
        type: 3}
      propertyPath: m_LocalRotation.w
      value: 1
      objectReference: {fileID: 0}
    - target: {fileID: 1275634568979670189, guid: 063f49edeb512454aac3acae88cdf05c,
        type: 3}
      propertyPath: m_LocalRotation.x
      value: 0
      objectReference: {fileID: 0}
    - target: {fileID: 1275634568979670189, guid: 063f49edeb512454aac3acae88cdf05c,
        type: 3}
      propertyPath: m_LocalRotation.y
      value: 0
      objectReference: {fileID: 0}
    - target: {fileID: 1275634568979670189, guid: 063f49edeb512454aac3acae88cdf05c,
        type: 3}
      propertyPath: m_LocalRotation.z
      value: 0
      objectReference: {fileID: 0}
    - target: {fileID: 1275634568979670189, guid: 063f49edeb512454aac3acae88cdf05c,
        type: 3}
      propertyPath: m_LocalEulerAnglesHint.x
      value: 0
      objectReference: {fileID: 0}
    - target: {fileID: 1275634568979670189, guid: 063f49edeb512454aac3acae88cdf05c,
        type: 3}
      propertyPath: m_LocalEulerAnglesHint.y
      value: 0
      objectReference: {fileID: 0}
    - target: {fileID: 1275634568979670189, guid: 063f49edeb512454aac3acae88cdf05c,
        type: 3}
      propertyPath: m_LocalEulerAnglesHint.z
      value: 0
      objectReference: {fileID: 0}
    - target: {fileID: 2428820032242228317, guid: 063f49edeb512454aac3acae88cdf05c,
        type: 3}
      propertyPath: m_Name
      value: Y
      objectReference: {fileID: 0}
    - target: {fileID: 9169317711979428646, guid: 063f49edeb512454aac3acae88cdf05c,
        type: 3}
      propertyPath: m_Mesh
      value: 
      objectReference: {fileID: 10206, guid: 0000000000000000e000000000000000, type: 0}
    m_RemovedComponents:
    - {fileID: 2428820032242228316, guid: 063f49edeb512454aac3acae88cdf05c, type: 3}
  m_SourcePrefab: {fileID: 100100000, guid: 063f49edeb512454aac3acae88cdf05c, type: 3}
--- !u!4 &9107214763795064212 stripped
Transform:
  m_CorrespondingSourceObject: {fileID: 1275634568979670189, guid: 063f49edeb512454aac3acae88cdf05c,
    type: 3}
  m_PrefabInstance: {fileID: 8057121644995363129}
  m_PrefabAsset: {fileID: 0}
--- !u!1001 &8057121645343557089
PrefabInstance:
  m_ObjectHideFlags: 0
  serializedVersion: 2
  m_Modification:
    m_TransformParent: {fileID: 8057121646104993860}
    m_Modifications:
    - target: {fileID: 807871087296370230, guid: 063f49edeb512454aac3acae88cdf05c,
        type: 3}
      propertyPath: m_Materials.Array.data[0]
      value: 
      objectReference: {fileID: 2100000, guid: 1a1b5bc4dd452c247ac2dd70d098e480, type: 2}
    - target: {fileID: 1275634568979670189, guid: 063f49edeb512454aac3acae88cdf05c,
        type: 3}
      propertyPath: m_RootOrder
      value: 3
      objectReference: {fileID: 0}
    - target: {fileID: 1275634568979670189, guid: 063f49edeb512454aac3acae88cdf05c,
        type: 3}
      propertyPath: m_LocalScale.x
      value: 0.125
      objectReference: {fileID: 0}
    - target: {fileID: 1275634568979670189, guid: 063f49edeb512454aac3acae88cdf05c,
        type: 3}
      propertyPath: m_LocalScale.y
      value: 0.333
      objectReference: {fileID: 0}
    - target: {fileID: 1275634568979670189, guid: 063f49edeb512454aac3acae88cdf05c,
        type: 3}
      propertyPath: m_LocalScale.z
      value: 0.125
      objectReference: {fileID: 0}
    - target: {fileID: 1275634568979670189, guid: 063f49edeb512454aac3acae88cdf05c,
        type: 3}
      propertyPath: m_LocalPosition.x
      value: 0
      objectReference: {fileID: 0}
    - target: {fileID: 1275634568979670189, guid: 063f49edeb512454aac3acae88cdf05c,
        type: 3}
      propertyPath: m_LocalPosition.y
      value: 0
      objectReference: {fileID: 0}
    - target: {fileID: 1275634568979670189, guid: 063f49edeb512454aac3acae88cdf05c,
        type: 3}
      propertyPath: m_LocalPosition.z
      value: 0.4375
      objectReference: {fileID: 0}
    - target: {fileID: 1275634568979670189, guid: 063f49edeb512454aac3acae88cdf05c,
        type: 3}
      propertyPath: m_LocalRotation.w
      value: 0.7071068
      objectReference: {fileID: 0}
    - target: {fileID: 1275634568979670189, guid: 063f49edeb512454aac3acae88cdf05c,
        type: 3}
      propertyPath: m_LocalRotation.x
      value: 0.7071068
      objectReference: {fileID: 0}
    - target: {fileID: 1275634568979670189, guid: 063f49edeb512454aac3acae88cdf05c,
        type: 3}
      propertyPath: m_LocalRotation.y
      value: 0
      objectReference: {fileID: 0}
    - target: {fileID: 1275634568979670189, guid: 063f49edeb512454aac3acae88cdf05c,
        type: 3}
      propertyPath: m_LocalRotation.z
      value: 0
      objectReference: {fileID: 0}
    - target: {fileID: 1275634568979670189, guid: 063f49edeb512454aac3acae88cdf05c,
        type: 3}
      propertyPath: m_LocalEulerAnglesHint.x
      value: 90
      objectReference: {fileID: 0}
    - target: {fileID: 1275634568979670189, guid: 063f49edeb512454aac3acae88cdf05c,
        type: 3}
      propertyPath: m_LocalEulerAnglesHint.y
      value: 0
      objectReference: {fileID: 0}
    - target: {fileID: 1275634568979670189, guid: 063f49edeb512454aac3acae88cdf05c,
        type: 3}
      propertyPath: m_LocalEulerAnglesHint.z
      value: 0
      objectReference: {fileID: 0}
    - target: {fileID: 2428820032242228317, guid: 063f49edeb512454aac3acae88cdf05c,
        type: 3}
      propertyPath: m_Name
      value: Z
      objectReference: {fileID: 0}
    - target: {fileID: 9169317711979428646, guid: 063f49edeb512454aac3acae88cdf05c,
        type: 3}
      propertyPath: m_Mesh
      value: 
      objectReference: {fileID: 10206, guid: 0000000000000000e000000000000000, type: 0}
    m_RemovedComponents:
    - {fileID: 2428820032242228316, guid: 063f49edeb512454aac3acae88cdf05c, type: 3}
  m_SourcePrefab: {fileID: 100100000, guid: 063f49edeb512454aac3acae88cdf05c, type: 3}
--- !u!4 &9107214764142862668 stripped
Transform:
  m_CorrespondingSourceObject: {fileID: 1275634568979670189, guid: 063f49edeb512454aac3acae88cdf05c,
    type: 3}
  m_PrefabInstance: {fileID: 8057121645343557089}
  m_PrefabAsset: {fileID: 0}
--- !u!1001 &8057121646205909061
PrefabInstance:
  m_ObjectHideFlags: 0
  serializedVersion: 2
  m_Modification:
    m_TransformParent: {fileID: 8057121646104993860}
    m_Modifications:
    - target: {fileID: 807871087296370230, guid: 063f49edeb512454aac3acae88cdf05c,
        type: 3}
      propertyPath: m_Materials.Array.data[0]
      value: 
      objectReference: {fileID: 2100000, guid: 236658d998273f94ab4f13d61d5f5701, type: 2}
    - target: {fileID: 1275634568979670189, guid: 063f49edeb512454aac3acae88cdf05c,
        type: 3}
      propertyPath: m_RootOrder
      value: 0
      objectReference: {fileID: 0}
    - target: {fileID: 1275634568979670189, guid: 063f49edeb512454aac3acae88cdf05c,
        type: 3}
      propertyPath: m_LocalScale.x
      value: 0.25
      objectReference: {fileID: 0}
    - target: {fileID: 1275634568979670189, guid: 063f49edeb512454aac3acae88cdf05c,
        type: 3}
      propertyPath: m_LocalScale.y
      value: 0.25
      objectReference: {fileID: 0}
    - target: {fileID: 1275634568979670189, guid: 063f49edeb512454aac3acae88cdf05c,
        type: 3}
      propertyPath: m_LocalScale.z
      value: 0.25
      objectReference: {fileID: 0}
    - target: {fileID: 1275634568979670189, guid: 063f49edeb512454aac3acae88cdf05c,
        type: 3}
      propertyPath: m_LocalPosition.x
      value: 0
      objectReference: {fileID: 0}
    - target: {fileID: 1275634568979670189, guid: 063f49edeb512454aac3acae88cdf05c,
        type: 3}
      propertyPath: m_LocalPosition.y
      value: 0
      objectReference: {fileID: 0}
    - target: {fileID: 1275634568979670189, guid: 063f49edeb512454aac3acae88cdf05c,
        type: 3}
      propertyPath: m_LocalPosition.z
      value: 0
      objectReference: {fileID: 0}
    - target: {fileID: 1275634568979670189, guid: 063f49edeb512454aac3acae88cdf05c,
        type: 3}
      propertyPath: m_LocalRotation.w
      value: 1
      objectReference: {fileID: 0}
    - target: {fileID: 1275634568979670189, guid: 063f49edeb512454aac3acae88cdf05c,
        type: 3}
      propertyPath: m_LocalRotation.x
      value: 0
      objectReference: {fileID: 0}
    - target: {fileID: 1275634568979670189, guid: 063f49edeb512454aac3acae88cdf05c,
        type: 3}
      propertyPath: m_LocalRotation.y
      value: 0
      objectReference: {fileID: 0}
    - target: {fileID: 1275634568979670189, guid: 063f49edeb512454aac3acae88cdf05c,
        type: 3}
      propertyPath: m_LocalRotation.z
      value: 0
      objectReference: {fileID: 0}
    - target: {fileID: 1275634568979670189, guid: 063f49edeb512454aac3acae88cdf05c,
        type: 3}
      propertyPath: m_LocalEulerAnglesHint.x
      value: 0
      objectReference: {fileID: 0}
    - target: {fileID: 1275634568979670189, guid: 063f49edeb512454aac3acae88cdf05c,
        type: 3}
      propertyPath: m_LocalEulerAnglesHint.y
      value: 0
      objectReference: {fileID: 0}
    - target: {fileID: 1275634568979670189, guid: 063f49edeb512454aac3acae88cdf05c,
        type: 3}
      propertyPath: m_LocalEulerAnglesHint.z
      value: 0
      objectReference: {fileID: 0}
    - target: {fileID: 2428820032242228317, guid: 063f49edeb512454aac3acae88cdf05c,
        type: 3}
      propertyPath: m_Name
      value: Center
      objectReference: {fileID: 0}
    - target: {fileID: 9169317711979428646, guid: 063f49edeb512454aac3acae88cdf05c,
        type: 3}
      propertyPath: m_Mesh
      value: 
      objectReference: {fileID: -5441644380363491075, guid: 6a677008f35bc8d4ba3023e996860f9f,
        type: 3}
    m_RemovedComponents:
    - {fileID: 2428820032242228316, guid: 063f49edeb512454aac3acae88cdf05c, type: 3}
  m_SourcePrefab: {fileID: 100100000, guid: 063f49edeb512454aac3acae88cdf05c, type: 3}
--- !u!4 &9107214762852965608 stripped
Transform:
  m_CorrespondingSourceObject: {fileID: 1275634568979670189, guid: 063f49edeb512454aac3acae88cdf05c,
    type: 3}
  m_PrefabInstance: {fileID: 8057121646205909061}
  m_PrefabAsset: {fileID: 0}
--- !u!1001 &8173183760292721326
PrefabInstance:
  m_ObjectHideFlags: 0
  serializedVersion: 2
  m_Modification:
    m_TransformParent: {fileID: 8057121646104993860}
    m_Modifications:
    - target: {fileID: 807871087296370230, guid: 063f49edeb512454aac3acae88cdf05c,
        type: 3}
      propertyPath: m_Materials.Array.data[0]
      value: 
      objectReference: {fileID: 2100000, guid: 34c807a89f9b8514ea6aecda32319c7a, type: 2}
    - target: {fileID: 1275634568979670189, guid: 063f49edeb512454aac3acae88cdf05c,
        type: 3}
      propertyPath: m_RootOrder
      value: 1
      objectReference: {fileID: 0}
    - target: {fileID: 1275634568979670189, guid: 063f49edeb512454aac3acae88cdf05c,
        type: 3}
      propertyPath: m_LocalScale.x
      value: 0.125
      objectReference: {fileID: 0}
    - target: {fileID: 1275634568979670189, guid: 063f49edeb512454aac3acae88cdf05c,
        type: 3}
      propertyPath: m_LocalScale.y
      value: 0.333
      objectReference: {fileID: 0}
    - target: {fileID: 1275634568979670189, guid: 063f49edeb512454aac3acae88cdf05c,
        type: 3}
      propertyPath: m_LocalScale.z
      value: 0.125
      objectReference: {fileID: 0}
    - target: {fileID: 1275634568979670189, guid: 063f49edeb512454aac3acae88cdf05c,
        type: 3}
      propertyPath: m_LocalPosition.x
      value: 0.4375
      objectReference: {fileID: 0}
    - target: {fileID: 1275634568979670189, guid: 063f49edeb512454aac3acae88cdf05c,
        type: 3}
      propertyPath: m_LocalPosition.y
      value: 0
      objectReference: {fileID: 0}
    - target: {fileID: 1275634568979670189, guid: 063f49edeb512454aac3acae88cdf05c,
        type: 3}
      propertyPath: m_LocalPosition.z
      value: 0
      objectReference: {fileID: 0}
    - target: {fileID: 1275634568979670189, guid: 063f49edeb512454aac3acae88cdf05c,
        type: 3}
      propertyPath: m_LocalRotation.w
      value: 0.7071068
      objectReference: {fileID: 0}
    - target: {fileID: 1275634568979670189, guid: 063f49edeb512454aac3acae88cdf05c,
        type: 3}
      propertyPath: m_LocalRotation.x
      value: 0
      objectReference: {fileID: 0}
    - target: {fileID: 1275634568979670189, guid: 063f49edeb512454aac3acae88cdf05c,
        type: 3}
      propertyPath: m_LocalRotation.y
      value: 0
      objectReference: {fileID: 0}
    - target: {fileID: 1275634568979670189, guid: 063f49edeb512454aac3acae88cdf05c,
        type: 3}
      propertyPath: m_LocalRotation.z
      value: -0.7071068
      objectReference: {fileID: 0}
    - target: {fileID: 1275634568979670189, guid: 063f49edeb512454aac3acae88cdf05c,
        type: 3}
      propertyPath: m_LocalEulerAnglesHint.x
      value: 0
      objectReference: {fileID: 0}
    - target: {fileID: 1275634568979670189, guid: 063f49edeb512454aac3acae88cdf05c,
        type: 3}
      propertyPath: m_LocalEulerAnglesHint.y
      value: 0
      objectReference: {fileID: 0}
    - target: {fileID: 1275634568979670189, guid: 063f49edeb512454aac3acae88cdf05c,
        type: 3}
      propertyPath: m_LocalEulerAnglesHint.z
      value: -90
      objectReference: {fileID: 0}
    - target: {fileID: 2428820032242228317, guid: 063f49edeb512454aac3acae88cdf05c,
        type: 3}
      propertyPath: m_Name
      value: X
      objectReference: {fileID: 0}
    - target: {fileID: 9169317711979428646, guid: 063f49edeb512454aac3acae88cdf05c,
        type: 3}
      propertyPath: m_Mesh
      value: 
      objectReference: {fileID: 10206, guid: 0000000000000000e000000000000000, type: 0}
    m_RemovedComponents:
    - {fileID: 2428820032242228316, guid: 063f49edeb512454aac3acae88cdf05c, type: 3}
  m_SourcePrefab: {fileID: 100100000, guid: 063f49edeb512454aac3acae88cdf05c, type: 3}
--- !u!4 &6980313007196788227 stripped
Transform:
  m_CorrespondingSourceObject: {fileID: 1275634568979670189, guid: 063f49edeb512454aac3acae88cdf05c,
    type: 3}
  m_PrefabInstance: {fileID: 8173183760292721326}
  m_PrefabAsset: {fileID: 0}
